%YAML 1.1
%TAG !u! tag:unity3d.com,2011:
--- !u!1 &946762072716131689
GameObject:
  m_ObjectHideFlags: 0
  m_CorrespondingSourceObject: {fileID: 0}
  m_PrefabInstance: {fileID: 0}
  m_PrefabAsset: {fileID: 0}
  serializedVersion: 6
  m_Component:
  - component: {fileID: 574381810568357451}
  - component: {fileID: 4140474322515066055}
  - component: {fileID: 5255931353812077523}
  - component: {fileID: 970215228210869297}
  - component: {fileID: 3544391054247605747}
  m_Layer: 9
  m_Name: Frame (5)
  m_TagString: Animal
  m_Icon: {fileID: 0}
  m_NavMeshLayer: 0
  m_StaticEditorFlags: 0
  m_IsActive: 1
--- !u!4 &574381810568357451
Transform:
  m_ObjectHideFlags: 0
  m_CorrespondingSourceObject: {fileID: 0}
  m_PrefabInstance: {fileID: 0}
  m_PrefabAsset: {fileID: 0}
  m_GameObject: {fileID: 946762072716131689}
  m_LocalRotation: {x: 0, y: 0, z: 0, w: 1}
  m_LocalPosition: {x: 0, y: 3.04, z: 0}
  m_LocalScale: {x: 1, y: 1, z: 1}
  m_Children: []
  m_Father: {fileID: 0}
  m_RootOrder: 0
  m_LocalEulerAnglesHint: {x: 0, y: 0, z: 0}
--- !u!212 &4140474322515066055
SpriteRenderer:
  m_ObjectHideFlags: 0
  m_CorrespondingSourceObject: {fileID: 0}
  m_PrefabInstance: {fileID: 0}
  m_PrefabAsset: {fileID: 0}
  m_GameObject: {fileID: 946762072716131689}
  m_Enabled: 1
  m_CastShadows: 0
  m_ReceiveShadows: 0
  m_DynamicOccludee: 1
  m_MotionVectors: 1
  m_LightProbeUsage: 1
  m_ReflectionProbeUsage: 1
  m_RenderingLayerMask: 1
  m_RendererPriority: 0
  m_Materials:
  - {fileID: 10754, guid: 0000000000000000f000000000000000, type: 0}
  m_StaticBatchInfo:
    firstSubMesh: 0
    subMeshCount: 0
  m_StaticBatchRoot: {fileID: 0}
  m_ProbeAnchor: {fileID: 0}
  m_LightProbeVolumeOverride: {fileID: 0}
  m_ScaleInLightmap: 1
  m_PreserveUVs: 0
  m_IgnoreNormalsForChartDetection: 0
  m_ImportantGI: 0
  m_StitchLightmapSeams: 0
  m_SelectedEditorRenderState: 0
  m_MinimumChartSize: 4
  m_AutoUVMaxDistance: 0.5
  m_AutoUVMaxAngle: 89
  m_LightmapParameters: {fileID: 0}
  m_SortingLayerID: 0
  m_SortingLayer: 0
  m_SortingOrder: 1
  m_Sprite: {fileID: 21300000, guid: 55c1b2fddcb6d5b4488afdc5ab2cd747, type: 3}
  m_Color: {r: 1, g: 1, b: 1, a: 1}
  m_FlipX: 0
  m_FlipY: 0
  m_DrawMode: 0
  m_Size: {x: 1.77, y: 0.96}
  m_AdaptiveModeThreshold: 0.5
  m_SpriteTileMode: 0
  m_WasSpriteAssigned: 1
  m_MaskInteraction: 0
  m_SpriteSortPoint: 0
--- !u!50 &5255931353812077523
Rigidbody2D:
  serializedVersion: 4
  m_ObjectHideFlags: 0
  m_CorrespondingSourceObject: {fileID: 0}
  m_PrefabInstance: {fileID: 0}
  m_PrefabAsset: {fileID: 0}
  m_GameObject: {fileID: 946762072716131689}
  m_BodyType: 1
  m_Simulated: 1
  m_UseFullKinematicContacts: 0
  m_UseAutoMass: 0
  m_Mass: 0.8
  m_LinearDrag: 0
  m_AngularDrag: 0.8
  m_GravityScale: 0.4
  m_Material: {fileID: 0}
  m_Interpolate: 0
  m_SleepingMode: 1
  m_CollisionDetection: 0
  m_Constraints: 0
--- !u!114 &970215228210869297
MonoBehaviour:
  m_ObjectHideFlags: 0
  m_CorrespondingSourceObject: {fileID: 0}
  m_PrefabInstance: {fileID: 0}
  m_PrefabAsset: {fileID: 0}
  m_GameObject: {fileID: 946762072716131689}
  m_Enabled: 1
  m_EditorHideFlags: 0
  m_Script: {fileID: 11500000, guid: 6dda9abc98fe28c4984223ada8397548, type: 3}
  m_Name: 
  m_EditorClassIdentifier: 
  checkEnter: 0
--- !u!60 &3544391054247605747
PolygonCollider2D:
  m_ObjectHideFlags: 0
  m_CorrespondingSourceObject: {fileID: 0}
  m_PrefabInstance: {fileID: 0}
  m_PrefabAsset: {fileID: 0}
  m_GameObject: {fileID: 946762072716131689}
  m_Enabled: 1
  m_Density: 1
  m_Material: {fileID: 0}
  m_IsTrigger: 0
  m_UsedByEffector: 0
  m_UsedByComposite: 0
  m_Offset: {x: 0, y: 0}
  m_SpriteTilingProperty:
    border: {x: 0, y: 0, z: 0, w: 0}
    pivot: {x: 0.5, y: 0.5}
    oldSize: {x: 1.77, y: 0.96}
    newSize: {x: 1.77, y: 0.96}
    adaptiveTilingThreshold: 0.5
    drawMode: 0
    adaptiveTiling: 0
  m_AutoTiling: 0
  m_Points:
    m_Paths:
    - - {x: -0.26748458, y: -0.37229896}
      - {x: -0.19813366, y: -0.4520359}
      - {x: -0.18875298, y: -0.44501686}
      - {x: -0.20873863, y: -0.2888415}
      - {x: -0.107532315, y: -0.2975731}
      - {x: -0.017527536, y: -0.283772}
      - {x: 0.060416706, y: -0.26319098}
      - {x: 0.21371228, y: -0.20003843}
      - {x: 0.38624462, y: -0.09002876}
      - {x: 0.5625012, y: 0.08872676}
      - {x: 0.6275706, y: 0.058731318}
      - {x: 0.7326642, y: 0.06624651}
      - {x: 0.88749886, y: 0.11998081}
      - {x: 0.84252036, y: 0.11876011}
      - {x: 0.77517456, y: 0.13213801}
      - {x: 0.73622435, y: 0.16573429}
      - {x: 0.66528046, y: 0.20444727}
      - {x: 0.59503835, y: 0.19627094}
      - {x: 0.5886911, y: 0.27263188}
      - {x: 0.5434955, y: 0.325706}
      - {x: 0.4812565, y: 0.43626142}
      - {x: 0.46500477, y: 0.4762516}
      - {x: 0.4462446, y: 0.44626617}
      - {x: 0.43354744, y: 0.40314913}
      - {x: 0.42443275, y: 0.36803293}
      - {x: 0.43747965, y: 0.26381016}
      - {x: 0.43263698, y: 0.3187213}
      - {x: 0.43920156, y: 0.25035596}
      - {x: 0.44435474, y: 0.2435677}
      - {x: 0.46974242, y: 0.15606427}
      - {x: 0.45225072, y: 0.13607407}
      - {x: 0.4224964, y: 0.11126375}
      - {x: 0.35673016, y: 0.07726765}
      - {x: 0.18910936, y: 0.044270992}
      - {x: 0.015004806, y: 0.055016756}
      - {x: -0.34057987, y: 0.15005946}
      - {x: -0.40871945, y: 0.16000986}
      - {x: -0.5199784, y: 0.17001438}
      - {x: -0.60231626, y: 0.1754961}
      - {x: -0.7325203, y: 0.17126393}
      - {x: -0.87625414, y: 0.11126852}
      - {x: -0.8487674, y: 0.04248929}
      - {x: -0.80001193, y: -0.0400095}
      - {x: -0.6813206, y: -0.14743996}
      - {x: -0.57063246, y: -0.21440125}
      - {x: -0.6047763, y: -0.2885208}
      - {x: -0.59447724, y: -0.48000002}
      - {x: -0.5741071, y: -0.4756446}
      - {x: -0.5339545, y: -0.42563248}
      - {x: -0.5045928, y: -0.36690998}
      - {x: -0.49870452, y: -0.30348825}
      - {x: -0.48115516, y: -0.25708294}
      - {x: -0.36282676, y: -0.28126025}
      - {x: -0.3423862, y: -0.3122766}
