%YAML 1.1
%TAG !u! tag:unity3d.com,2011:
--- !u!1 &6680298862984917625
GameObject:
  m_ObjectHideFlags: 0
  m_CorrespondingSourceObject: {fileID: 0}
  m_PrefabInstance: {fileID: 0}
  m_PrefabAsset: {fileID: 0}
  serializedVersion: 6
  m_Component:
  - component: {fileID: 798937948867003664}
  - component: {fileID: 3030773932353387863}
  - component: {fileID: 5255435007458309827}
  - component: {fileID: 2750680331901642215}
  - component: {fileID: 7410439261728616854}
  m_Layer: 9
  m_Name: Frame (17)
  m_TagString: Animal
  m_Icon: {fileID: 0}
  m_NavMeshLayer: 0
  m_StaticEditorFlags: 0
  m_IsActive: 1
--- !u!4 &798937948867003664
Transform:
  m_ObjectHideFlags: 0
  m_CorrespondingSourceObject: {fileID: 0}
  m_PrefabInstance: {fileID: 0}
  m_PrefabAsset: {fileID: 0}
  m_GameObject: {fileID: 6680298862984917625}
  m_LocalRotation: {x: 0, y: 0, z: 0, w: 1}
  m_LocalPosition: {x: 0, y: 3.04, z: 0}
  m_LocalScale: {x: 1, y: 1, z: 1}
  m_Children: []
  m_Father: {fileID: 0}
  m_RootOrder: 0
  m_LocalEulerAnglesHint: {x: 0, y: 0, z: 0}
--- !u!212 &3030773932353387863
SpriteRenderer:
  m_ObjectHideFlags: 0
  m_CorrespondingSourceObject: {fileID: 0}
  m_PrefabInstance: {fileID: 0}
  m_PrefabAsset: {fileID: 0}
  m_GameObject: {fileID: 6680298862984917625}
  m_Enabled: 1
  m_CastShadows: 0
  m_ReceiveShadows: 0
  m_DynamicOccludee: 1
  m_MotionVectors: 1
  m_LightProbeUsage: 1
  m_ReflectionProbeUsage: 1
  m_RenderingLayerMask: 1
  m_RendererPriority: 0
  m_Materials:
  - {fileID: 10754, guid: 0000000000000000f000000000000000, type: 0}
  m_StaticBatchInfo:
    firstSubMesh: 0
    subMeshCount: 0
  m_StaticBatchRoot: {fileID: 0}
  m_ProbeAnchor: {fileID: 0}
  m_LightProbeVolumeOverride: {fileID: 0}
  m_ScaleInLightmap: 1
  m_PreserveUVs: 0
  m_IgnoreNormalsForChartDetection: 0
  m_ImportantGI: 0
  m_StitchLightmapSeams: 0
  m_SelectedEditorRenderState: 0
  m_MinimumChartSize: 4
  m_AutoUVMaxDistance: 0.5
  m_AutoUVMaxAngle: 89
  m_LightmapParameters: {fileID: 0}
  m_SortingLayerID: 0
  m_SortingLayer: 0
  m_SortingOrder: 1
  m_Sprite: {fileID: 21300000, guid: dbe6a212787a11e4eb8fd9bbf8bb0bbd, type: 3}
  m_Color: {r: 1, g: 1, b: 1, a: 1}
  m_FlipX: 0
  m_FlipY: 0
  m_DrawMode: 0
  m_Size: {x: 1.86, y: 0.79}
  m_AdaptiveModeThreshold: 0.5
  m_SpriteTileMode: 0
  m_WasSpriteAssigned: 1
  m_MaskInteraction: 0
  m_SpriteSortPoint: 0
--- !u!50 &5255435007458309827
Rigidbody2D:
  serializedVersion: 4
  m_ObjectHideFlags: 0
  m_CorrespondingSourceObject: {fileID: 0}
  m_PrefabInstance: {fileID: 0}
  m_PrefabAsset: {fileID: 0}
  m_GameObject: {fileID: 6680298862984917625}
  m_BodyType: 1
  m_Simulated: 1
  m_UseFullKinematicContacts: 0
  m_UseAutoMass: 0
  m_Mass: 0.8
  m_LinearDrag: 0
  m_AngularDrag: 0.8
  m_GravityScale: 0.4
  m_Material: {fileID: 0}
  m_Interpolate: 0
  m_SleepingMode: 1
  m_CollisionDetection: 0
  m_Constraints: 0
--- !u!114 &2750680331901642215
MonoBehaviour:
  m_ObjectHideFlags: 0
  m_CorrespondingSourceObject: {fileID: 0}
  m_PrefabInstance: {fileID: 0}
  m_PrefabAsset: {fileID: 0}
  m_GameObject: {fileID: 6680298862984917625}
  m_Enabled: 1
  m_EditorHideFlags: 0
  m_Script: {fileID: 11500000, guid: 6dda9abc98fe28c4984223ada8397548, type: 3}
  m_Name: 
  m_EditorClassIdentifier: 
  checkEnter: 0
--- !u!60 &7410439261728616854
PolygonCollider2D:
  m_ObjectHideFlags: 0
  m_CorrespondingSourceObject: {fileID: 0}
  m_PrefabInstance: {fileID: 0}
  m_PrefabAsset: {fileID: 0}
  m_GameObject: {fileID: 6680298862984917625}
  m_Enabled: 1
  m_Density: 1
  m_Material: {fileID: 0}
  m_IsTrigger: 0
  m_UsedByEffector: 0
  m_UsedByComposite: 0
  m_Offset: {x: 0, y: 0}
  m_SpriteTilingProperty:
    border: {x: 0, y: 0, z: 0, w: 0}
    pivot: {x: 0.5, y: 0.5}
    oldSize: {x: 1.86, y: 0.79}
    newSize: {x: 1.86, y: 0.79}
    adaptiveTilingThreshold: 0.5
    drawMode: 0
    adaptiveTiling: 0
  m_AutoTiling: 0
  m_Points:
    m_Paths:
    - - {x: 0.38749486, y: -0.19912362}
      - {x: 0.46370757, y: -0.1767726}
      - {x: 0.53226, y: -0.16198659}
      - {x: 0.4550622, y: -0.13319087}
      - {x: 0.32149184, y: -0.11274004}
      - {x: 0.50336325, y: -0.07151055}
      - {x: 0.70339733, y: -0.05182433}
      - {x: 0.863545, y: -0.041558504}
      - {x: 0.9226883, y: -0.03349328}
      - {x: 0.879675, y: -0.025162458}
      - {x: 0.70568675, y: -0.011129856}
      - {x: 0.6552576, y: -0.010106802}
      - {x: 0.58069426, y: -0.00860405}
      - {x: 0.47373572, y: -0.01101923}
      - {x: 0.4390842, y: 0.07500005}
      - {x: 0.34177253, y: 0.14214897}
      - {x: 0.22655833, y: 0.14408422}
      - {x: 0.13118167, y: 0.33080506}
      - {x: 0.09790251, y: 0.39365578}
      - {x: 0.08773001, y: 0.3821602}
      - {x: 0.05731035, y: 0.2478106}
      - {x: -0.03, y: 0.17408419}
      - {x: -0.24075922, y: 0.09911895}
      - {x: -0.34122103, y: 0.06151414}
      - {x: -0.3793074, y: 0.04601717}
      - {x: -0.43199408, y: 0.020317554}
      - {x: -0.512585, y: -0.048500776}
      - {x: -0.61620384, y: -0.13975167}
      - {x: -0.65586156, y: -0.15876937}
      - {x: -0.72553915, y: -0.1699481}
      - {x: -0.7939977, y: -0.041697264}
      - {x: -0.8722599, y: 0.036019325}
      - {x: -0.9246234, y: 0.04677224}
      - {x: -0.9248808, y: 0.014888525}
      - {x: -0.8842984, y: -0.034409285}
      - {x: -0.8226375, y: -0.12556362}
      - {x: -0.80354506, y: -0.19231176}
      - {x: -0.8274245, y: -0.23089933}
      - {x: -0.87161, y: -0.28644753}
      - {x: -0.8731166, y: -0.33451247}
      - {x: -0.85521424, y: -0.33720088}
      - {x: -0.8390515, y: -0.32696462}
      - {x: -0.77615017, y: -0.28169322}
      - {x: -0.71871495, y: -0.19795394}
      - {x: -0.60359365, y: -0.22063541}
      - {x: -0.49688327, y: -0.23257756}
      - {x: -0.5261278, y: -0.2631557}
      - {x: -0.4427718, y: -0.23512077}
      - {x: -0.17177248, y: -0.25349355}
      - {x: 0.07045357, y: -0.24990797}
      - {x: 0.06812409, y: -0.25251842}
      - {x: -0.0017282665, y: -0.3909676}
      - {x: 0.06755042, y: -0.35226178}
      - {x: 0.15429835, y: -0.24940157}
      - {x: 0.18103111, y: -0.24777913}
      - {x: 0.19483054, y: -0.3053472}
      - {x: 0.20042837, y: -0.34827924}
      - {x: 0.2281656, y: -0.3068118}
      - {x: 0.24045199, y: -0.24195218}
      - {x: 0.33714914, y: -0.21542811}
