%YAML 1.1
%TAG !u! tag:unity3d.com,2011:
--- !u!1 &6730692845201642223
GameObject:
  m_ObjectHideFlags: 0
  m_CorrespondingSourceObject: {fileID: 0}
  m_PrefabInstance: {fileID: 0}
  m_PrefabAsset: {fileID: 0}
  serializedVersion: 6
  m_Component:
  - component: {fileID: 2998275338647361507}
  - component: {fileID: 7988412830122916539}
  - component: {fileID: 5471866005953147765}
  - component: {fileID: 3265198896016578027}
  - component: {fileID: 2107963711710143034}
  m_Layer: 9
  m_Name: Frame (14)
  m_TagString: Animal
  m_Icon: {fileID: 0}
  m_NavMeshLayer: 0
  m_StaticEditorFlags: 0
  m_IsActive: 1
--- !u!4 &2998275338647361507
Transform:
  m_ObjectHideFlags: 0
  m_CorrespondingSourceObject: {fileID: 0}
  m_PrefabInstance: {fileID: 0}
  m_PrefabAsset: {fileID: 0}
  m_GameObject: {fileID: 6730692845201642223}
  m_LocalRotation: {x: 0, y: 0, z: 0, w: 1}
  m_LocalPosition: {x: 0, y: 3.04, z: 0}
  m_LocalScale: {x: 1, y: 1, z: 1}
  m_Children: []
  m_Father: {fileID: 0}
  m_RootOrder: 0
  m_LocalEulerAnglesHint: {x: 0, y: 0, z: 0}
--- !u!212 &7988412830122916539
SpriteRenderer:
  m_ObjectHideFlags: 0
  m_CorrespondingSourceObject: {fileID: 0}
  m_PrefabInstance: {fileID: 0}
  m_PrefabAsset: {fileID: 0}
  m_GameObject: {fileID: 6730692845201642223}
  m_Enabled: 1
  m_CastShadows: 0
  m_ReceiveShadows: 0
  m_DynamicOccludee: 1
  m_MotionVectors: 1
  m_LightProbeUsage: 1
  m_ReflectionProbeUsage: 1
  m_RenderingLayerMask: 1
  m_RendererPriority: 0
  m_Materials:
  - {fileID: 10754, guid: 0000000000000000f000000000000000, type: 0}
  m_StaticBatchInfo:
    firstSubMesh: 0
    subMeshCount: 0
  m_StaticBatchRoot: {fileID: 0}
  m_ProbeAnchor: {fileID: 0}
  m_LightProbeVolumeOverride: {fileID: 0}
  m_ScaleInLightmap: 1
  m_PreserveUVs: 0
  m_IgnoreNormalsForChartDetection: 0
  m_ImportantGI: 0
  m_StitchLightmapSeams: 0
  m_SelectedEditorRenderState: 0
  m_MinimumChartSize: 4
  m_AutoUVMaxDistance: 0.5
  m_AutoUVMaxAngle: 89
  m_LightmapParameters: {fileID: 0}
  m_SortingLayerID: 0
  m_SortingLayer: 0
  m_SortingOrder: 1
  m_Sprite: {fileID: 21300000, guid: 55c1b2fddcb6d5b4488afdc5ab2cd747, type: 3}
  m_Color: {r: 1, g: 1, b: 1, a: 1}
  m_FlipX: 0
  m_FlipY: 0
  m_DrawMode: 0
  m_Size: {x: 1.77, y: 0.96}
  m_AdaptiveModeThreshold: 0.5
  m_SpriteTileMode: 0
  m_WasSpriteAssigned: 1
  m_MaskInteraction: 0
  m_SpriteSortPoint: 0
--- !u!50 &5471866005953147765
Rigidbody2D:
  serializedVersion: 4
  m_ObjectHideFlags: 0
  m_CorrespondingSourceObject: {fileID: 0}
  m_PrefabInstance: {fileID: 0}
  m_PrefabAsset: {fileID: 0}
  m_GameObject: {fileID: 6730692845201642223}
  m_BodyType: 1
  m_Simulated: 1
  m_UseFullKinematicContacts: 0
  m_UseAutoMass: 0
  m_Mass: 0.8
  m_LinearDrag: 0
  m_AngularDrag: 0.8
  m_GravityScale: 0.4
  m_Material: {fileID: 0}
  m_Interpolate: 0
  m_SleepingMode: 1
  m_CollisionDetection: 0
  m_Constraints: 0
--- !u!114 &3265198896016578027
MonoBehaviour:
  m_ObjectHideFlags: 0
  m_CorrespondingSourceObject: {fileID: 0}
  m_PrefabInstance: {fileID: 0}
  m_PrefabAsset: {fileID: 0}
  m_GameObject: {fileID: 6730692845201642223}
  m_Enabled: 1
  m_EditorHideFlags: 0
  m_Script: {fileID: 11500000, guid: 6dda9abc98fe28c4984223ada8397548, type: 3}
  m_Name: 
  m_EditorClassIdentifier: 
  checkEnter: 0
--- !u!60 &2107963711710143034
PolygonCollider2D:
  m_ObjectHideFlags: 0
  m_CorrespondingSourceObject: {fileID: 0}
  m_PrefabInstance: {fileID: 0}
  m_PrefabAsset: {fileID: 0}
  m_GameObject: {fileID: 6730692845201642223}
  m_Enabled: 1
  m_Density: 1
  m_Material: {fileID: 0}
  m_IsTrigger: 0
  m_UsedByEffector: 0
  m_UsedByComposite: 0
  m_Offset: {x: 0, y: 0}
  m_SpriteTilingProperty:
    border: {x: 0, y: 0, z: 0, w: 0}
    pivot: {x: 0.5, y: 0.5}
    oldSize: {x: 1.77, y: 0.96}
    newSize: {x: 1.77, y: 0.96}
    adaptiveTilingThreshold: 0.5
    drawMode: 0
    adaptiveTiling: 0
  m_AutoTiling: 0
  m_Points:
    m_Paths:
    - - {x: -0.47328386, y: -0.25399733}
      - {x: -0.348721, y: -0.27555108}
      - {x: -0.2188186, y: -0.4108255}
      - {x: -0.1949837, y: -0.43770218}
      - {x: -0.22015375, y: -0.29226184}
      - {x: -0.19230312, y: -0.2835946}
      - {x: -0.027675763, y: -0.28690457}
      - {x: 0.06475857, y: -0.25553584}
      - {x: 0.17367136, y: -0.22070384}
      - {x: 0.29379016, y: -0.15515614}
      - {x: 0.44777077, y: -0.042618275}
      - {x: 0.51340085, y: 0.022207022}
      - {x: 0.56326556, y: 0.08761263}
      - {x: 0.6821619, y: 0.05508995}
      - {x: 0.8195818, y: 0.0912478}
      - {x: 0.88322073, y: 0.111531734}
      - {x: 0.8808122, y: 0.13367605}
      - {x: 0.77331513, y: 0.14040661}
      - {x: 0.66432434, y: 0.20619369}
      - {x: 0.5963835, y: 0.1995163}
      - {x: 0.5687621, y: 0.2958815}
      - {x: 0.49677926, y: 0.36569834}
      - {x: 0.475, y: 0.48}
      - {x: 0.46168923, y: 0.47644138}
      - {x: 0.42735022, y: 0.39617372}
      - {x: 0.4288063, y: 0.27078795}
      - {x: 0.47549555, y: 0.15245509}
      - {x: 0.39938033, y: 0.11018801}
      - {x: 0.26978293, y: 0.04587078}
      - {x: 0.008986466, y: 0.057972908}
      - {x: -0.27738732, y: 0.13195944}
      - {x: -0.4333781, y: 0.16854978}
      - {x: -0.576419, y: 0.18754506}
      - {x: -0.7465315, y: 0.17153168}
      - {x: -0.8743243, y: 0.12686944}
      - {x: -0.8834628, y: 0.0861001}
      - {x: -0.8065535, y: -0.032330036}
      - {x: -0.70727116, y: -0.13433456}
      - {x: -0.56197435, y: -0.22464418}
      - {x: -0.5937253, y: -0.26815987}
      - {x: -0.5834789, y: -0.39237905}
      - {x: -0.58728147, y: -0.48307443}
      - {x: -0.56343025, y: -0.463835}
      - {x: -0.53341395, y: -0.42611647}
      - {x: -0.5010675, y: -0.32613254}
