%YAML 1.1
%TAG !u! tag:unity3d.com,2011:
--- !u!1 &1241808485559756112
GameObject:
  m_ObjectHideFlags: 0
  m_CorrespondingSourceObject: {fileID: 0}
  m_PrefabInstance: {fileID: 0}
  m_PrefabAsset: {fileID: 0}
  serializedVersion: 6
  m_Component:
  - component: {fileID: 1776955932396003796}
  - component: {fileID: 3808337455954951443}
  - component: {fileID: 5754470020754637264}
  - component: {fileID: 3089664358004210679}
  - component: {fileID: 2417772317912556291}
  m_Layer: 9
  m_Name: Frame (23)
  m_TagString: Animal
  m_Icon: {fileID: 0}
  m_NavMeshLayer: 0
  m_StaticEditorFlags: 0
  m_IsActive: 1
--- !u!4 &1776955932396003796
Transform:
  m_ObjectHideFlags: 0
  m_CorrespondingSourceObject: {fileID: 0}
  m_PrefabInstance: {fileID: 0}
  m_PrefabAsset: {fileID: 0}
  m_GameObject: {fileID: 1241808485559756112}
  m_LocalRotation: {x: 0, y: 0, z: 0, w: 1}
  m_LocalPosition: {x: 0, y: 3.04, z: 0}
  m_LocalScale: {x: 0.7, y: 0.7, z: 1}
  m_Children: []
  m_Father: {fileID: 0}
  m_RootOrder: 0
  m_LocalEulerAnglesHint: {x: 0, y: 0, z: 0}
--- !u!212 &3808337455954951443
SpriteRenderer:
  m_ObjectHideFlags: 0
  m_CorrespondingSourceObject: {fileID: 0}
  m_PrefabInstance: {fileID: 0}
  m_PrefabAsset: {fileID: 0}
  m_GameObject: {fileID: 1241808485559756112}
  m_Enabled: 1
  m_CastShadows: 0
  m_ReceiveShadows: 0
  m_DynamicOccludee: 1
  m_MotionVectors: 1
  m_LightProbeUsage: 1
  m_ReflectionProbeUsage: 1
  m_RenderingLayerMask: 1
  m_RendererPriority: 0
  m_Materials:
  - {fileID: 10754, guid: 0000000000000000f000000000000000, type: 0}
  m_StaticBatchInfo:
    firstSubMesh: 0
    subMeshCount: 0
  m_StaticBatchRoot: {fileID: 0}
  m_ProbeAnchor: {fileID: 0}
  m_LightProbeVolumeOverride: {fileID: 0}
  m_ScaleInLightmap: 1
  m_PreserveUVs: 0
  m_IgnoreNormalsForChartDetection: 0
  m_ImportantGI: 0
  m_StitchLightmapSeams: 0
  m_SelectedEditorRenderState: 0
  m_MinimumChartSize: 4
  m_AutoUVMaxDistance: 0.5
  m_AutoUVMaxAngle: 89
  m_LightmapParameters: {fileID: 0}
  m_SortingLayerID: 0
  m_SortingLayer: 0
  m_SortingOrder: 1
  m_Sprite: {fileID: 21300000, guid: f08ea586ef1cad440b7f6745a5324d0c, type: 3}
  m_Color: {r: 1, g: 1, b: 1, a: 1}
  m_FlipX: 0
  m_FlipY: 0
  m_DrawMode: 0
  m_Size: {x: 1.39, y: 1.21}
  m_AdaptiveModeThreshold: 0.5
  m_SpriteTileMode: 0
  m_WasSpriteAssigned: 1
  m_MaskInteraction: 0
  m_SpriteSortPoint: 0
--- !u!50 &5754470020754637264
Rigidbody2D:
  serializedVersion: 4
  m_ObjectHideFlags: 0
  m_CorrespondingSourceObject: {fileID: 0}
  m_PrefabInstance: {fileID: 0}
  m_PrefabAsset: {fileID: 0}
  m_GameObject: {fileID: 1241808485559756112}
  m_BodyType: 1
  m_Simulated: 1
  m_UseFullKinematicContacts: 0
  m_UseAutoMass: 0
  m_Mass: 0.8
  m_LinearDrag: 0
  m_AngularDrag: 0.8
  m_GravityScale: 0.4
  m_Material: {fileID: 0}
  m_Interpolate: 0
  m_SleepingMode: 1
  m_CollisionDetection: 0
  m_Constraints: 0
--- !u!114 &3089664358004210679
MonoBehaviour:
  m_ObjectHideFlags: 0
  m_CorrespondingSourceObject: {fileID: 0}
  m_PrefabInstance: {fileID: 0}
  m_PrefabAsset: {fileID: 0}
  m_GameObject: {fileID: 1241808485559756112}
  m_Enabled: 1
  m_EditorHideFlags: 0
  m_Script: {fileID: 11500000, guid: 6dda9abc98fe28c4984223ada8397548, type: 3}
  m_Name: 
  m_EditorClassIdentifier: 
  checkEnter: 0
--- !u!60 &2417772317912556291
PolygonCollider2D:
  m_ObjectHideFlags: 0
  m_CorrespondingSourceObject: {fileID: 0}
  m_PrefabInstance: {fileID: 0}
  m_PrefabAsset: {fileID: 0}
  m_GameObject: {fileID: 1241808485559756112}
  m_Enabled: 1
  m_Density: 1
  m_Material: {fileID: 0}
  m_IsTrigger: 0
  m_UsedByEffector: 0
  m_UsedByComposite: 0
  m_Offset: {x: 0, y: 0}
  m_SpriteTilingProperty:
    border: {x: 0, y: 0, z: 0, w: 0}
    pivot: {x: 0.5, y: 0.5}
    oldSize: {x: 1.39, y: 1.21}
    newSize: {x: 1.39, y: 1.21}
    adaptiveTilingThreshold: 0.5
    drawMode: 0
    adaptiveTiling: 0
  m_AutoTiling: 0
  m_Points:
    m_Paths:
    - - {x: 0.46731615, y: 0.13566391}
      - {x: 0.6920197, y: 0.18480265}
      - {x: 0.66817784, y: 0.22201979}
      - {x: 0.53751385, y: 0.29817784}
      - {x: 0.22115806, y: 0.41539496}
      - {x: -0.020762892, y: 0.53519756}
      - {x: -0.3600988, y: 0.56625706}
      - {x: -0.61731607, y: 0.6050001}
      - {x: -0.6800988, y: 0.530296}
      - {x: -0.6622173, y: 0.2867232}
      - {x: -0.5822174, y: 0.16778298}
      - {x: -0.5448023, y: 0.20632811}
      - {x: -0.48225224, y: 0.1423478}
      - {x: -0.43778244, y: 0.18546683}
      - {x: -0.39864424, y: 0.120960295}
      - {x: -0.28201973, y: 0.16460486}
      - {x: -0.26947835, y: 0.1014849}
      - {x: -0.18591794, y: 0.10927949}
      - {x: -0.15960476, y: 0.05749668}
      - {x: -0.24903952, y: 0.039237224}
      - {x: -0.3199012, y: 0.06625686}
      - {x: -0.3846047, y: 0.042415004}
      - {x: -0.42388994, y: 0.08210658}
      - {x: -0.46731615, y: 0.06115811}
      - {x: -0.4051976, y: -0.03327642}
      - {x: -0.17327666, y: -0.11963265}
      - {x: -0.19128925, y: -0.16869101}
      - {x: -0.15990114, y: -0.21221739}
      - {x: -0.0064321924, y: -0.14730181}
      - {x: 0.03692097, y: -0.09645428}
      - {x: 0.16480231, y: -0.2281778}
      - {x: 0.17428057, y: -0.3667235}
      - {x: -0.019830028, y: -0.36367175}
      - {x: -0.09884193, y: -0.42943475}
      - {x: -0.06833416, y: -0.45765328}
      - {x: 0.11175102, y: -0.46433583}
      - {x: 0.27367195, y: -0.5006916}
      - {x: 0.4162072, y: -0.58230126}
      - {x: 0.45413825, y: -0.5871183}
      - {x: 0.43692264, y: -0.50221336}
      - {x: 0.37367192, y: -0.40201968}
      - {x: 0.44190383, y: -0.39543217}
      - {x: 0.41711852, y: -0.34288132}
      - {x: 0.37902132, y: -0.29961175}
      - {x: 0.46625692, y: -0.06731612}
